<record><leader>00000cas a22000007a 4500</leader><controlfield tag="001">12433760</controlfield><controlfield tag="008">850828d19081979wiuwr ne      0    0eng d</controlfield><datafield ind1=" " ind2=" " tag="010"><subfield code="a">sn 85040960 </subfield></datafield><datafield ind1=" " ind2=" " tag="040"><subfield code="a">NPV</subfield><subfield code="b">eng</subfield><subfield code="c">NPV</subfield><subfield code="d">OCLCQ</subfield></datafield><datafield ind1=" " ind2=" " tag="042"><subfield code="a">msc</subfield></datafield><datafield ind1="0" ind2="0" tag="245"><subfield code="a">New Lisbon times and Juneau County argus.</subfield></datafield><datafield ind1="1" ind2="3" tag="246"><subfield code="a">New Lisbon times-argus</subfield></datafield><datafield ind1="1" ind2="7" tag="246"><subfield code="a">New Lisbon times</subfield></datafield><datafield ind1="1" ind2="7" tag="246"><subfield code="a">Times-argus</subfield></datafield><datafield ind1="1" ind2="3" tag="246"><subfield code="a">New Lisbon times &amp; Juneau County Argus</subfield></datafield><datafield ind1=" " ind2=" " tag="260"><subfield code="a">New Lisbon, Wis. :</subfield><subfield code="b">D.M. Leicht,</subfield><subfield code="c">1908-1979.</subfield></datafield><datafield ind1=" " ind2=" " tag="300"><subfield code="a">v.</subfield></datafield><datafield ind1=" " ind2=" " tag="310"><subfield code="a">Weekly</subfield></datafield><datafield ind1="0" ind2=" " tag="362"><subfield code="a">Vol. 14, no. 42 (Dec. 23, 1908)-v. 14, no. 43 (Dec. 30, 1908) = v. 52, no. 27-v. 52, no. 28; v. 1, no. 3 (Jan. 6, 1909)-v. 43, no. 37 (Mar. 2, 1950) = v. 14, no. 44-v. 49, no. 50 = v. 52, no. 29-v. 93, no. 44; v. 42, no. 38 (Mar. 9, 1950)-v. 73, no. 34 (Dec. 27, 1979).</subfield></datafield><datafield ind1=" " ind2=" " tag="500"><subfield code="a">Publisher varies.</subfield></datafield><datafield ind1=" " ind2=" " tag="515"><subfield code="a">Numbering is irregular.</subfield></datafield><datafield ind1=" " ind2=" " tag="525"><subfield code="a">Supplements accompany some issues.</subfield></datafield><datafield ind1=" " ind2=" " tag="580"><subfield code="a">Merged with: Mauston star (Mauston, Wis. : 1891), and Juneau County chronicle to form: Juneau County star-times.</subfield></datafield><datafield ind1=" " ind2=" " tag="752"><subfield code="a">United States</subfield><subfield code="b">Wisconsin</subfield><subfield code="c">Juneau</subfield><subfield code="d">New Lisbon.</subfield></datafield><datafield ind1="0" ind2="4" tag="780"><subfield code="t">Juneau County argus</subfield><subfield code="w">(DLC)sn 85033210</subfield></datafield><datafield ind1="0" ind2="4" tag="780"><subfield code="t">New Lisbon times</subfield><subfield code="w">(DLC)sn 85040959</subfield></datafield><datafield ind1="1" ind2="7" tag="785"><subfield code="t">Mauston star (Mauston, Wis. : 1891)</subfield><subfield code="w">(DLC)sn 86086738</subfield></datafield><datafield ind1="1" ind2="7" tag="785"><subfield code="t">Juneau County chronicle</subfield><subfield code="w">(DLC)sn 86086813</subfield></datafield><datafield ind1="1" ind2="7" tag="785"><subfield code="t">Juneau County star-times</subfield><subfield code="w">(DLC)sn 86086741</subfield></datafield></record>